@ARTICLE {Krylov:1,
    author  = "Schulze, J. C. and Schmid, P. J. and Sesterhenn, J. L.",
    title   = "Exponential time integration using Krylov subspaces",
    journal = "International Journal for Numerical Methods in Fluids",
    year    = "2009",
    volume  = "60",
    number  = "6",
    pages   = "591-609"
}
% doi = {10.1002/fld.1902},
% url = {https://onlinelibrary.wiley.com/doi/abs/10.1002/fld.1902}


@article{DifSpec,
    volume = "337",
    month = "May",
    author = "Julien Vanharen and Guillaume Puigt and Xavier Vasseur and Jean-François Boussuge and Pierre Sagaut",
    title = "Revisiting the spectral analysis for     high-order spectral discontinuous methods",
    publisher = "Elsevier",
    year = "2017",
    journal = "Journal of Computational Physics",
    pages = "379-402"
}
% doi = {10.1016/j.jcp.2017.02.043},
% url = {http://oatao.univ-toulouse.fr/17688/}


@article{Taylor,
title = "Exponential Taylor methods: Analysis and implementation",
journal = "Computers \& Mathematics with Applications",
volume = "65",
number = "3",
pages = "487 - 499",
year = "2013",
issn = "0898-1221",
author = "Antti Koskela and Alexander Ostermann",
}
%doi = {https://doi.org/10.1016/j.camwa.2012.06.004},
%url = {http://www.sciencedirect.com/science/article/pii/S0898122112004348}


@article{ExpIntegrators,
author = "Al-Mohy, Awad and Higham, Nicholas",
year = "2011",
month = "January",
title = "Computing the Action of the Matrix Exponential, with an Application to Exponential Integrators",
volume = "33",
journal = "SIAM Journal on Scientific Computing",
}
% doi = {10.1137/100788860}

@article{Krylov:2,
 author = "Saad, Y.",
 title = "Analysis of Some Krylov Subspace Approximations to the Matrix Exponential Operator",
 journal = "SIAM J. Numer. Anal.",
 issue_date = "Feb. 1992",
 volume = "29",
 number = "1",
 month = "February",
 year = "1992",
 pages = "209-228",
 numpages = "20",
 publisher = "Society for Industrial and Applied Mathematics",
 address = "Philadelphia, PA, USA",
} 
% issn = {0036-1429},
% url = {http://dx.doi.org/10.1137/0729014},
% doi = {10.1137/0729014},


@book{stiff_equation,
author = {Hairer, Ernst and Wanner, G},
year = {1996},
month = {01},
pages = {},
title = {Solving Ordinary Differential Equations II. Stiff and Differential-Algebraic Problems},
volume = {14},
journal = {Springer Verlag Series in Comput. Math.},
doi = {10.1007/978-3-662-09947-6}
}

@article{scipy,
author = {Al-Mohy, Awad and Higham, Nicholas},
year = {2009},
month = {01},
pages = {},
title = {A New Scaling and Squaring Algorithm for the Matrix Exponential},
volume = {31},
journal = {SIAM Journal on Matrix Analysis and Applications},
doi = {10.1137/09074721X}
}




@misc{repo_git,
author = {Seize, Pierre and Barassa-Ramos, Sara and Reboul, Louis and Maes, Théo},
title = {Dépot GitHub},
year = {2019},
publisher = {GitHub},
journal = {GitHub repository},
howpublished = {\url{https://github.com/pierreXVI/PIE}},
}